
@MISC{forbes,
AUTHOR={Steve Blank},
TITLE={Steve Blank forbes article},
HOWPUBLISHED={ https://www.forbes.com/sites/steveblank/2014/01/03/tesla-and-adobe-why-continuous-deployment-may-mean-continuous-customer-disappointment/\#103c96013bcd},
YEAR={2014},
NOTE={Einsichtnahme: 05.03.2019}
}
@BOOK{FaceRec,
	AUTHOR = {Leeland, Katherine B.},
	YEAR = {2008},
	TITLE = {Face Recongnition: New Research },
	EDITION = {1. Aufl.},
	ISBN = {978-16045646625},
	PUBLISHER = {Nova Science Publishers INC},
	ADDRESS = {},
}